@article{jansson2018algorithms,
  title={Algorithms for the Majority Rule+ Consensus Tree and the Frequency Difference Consensus Tree},
  author={Jansson, Jesper and Rajaby, Ramesh and Shen, Chuanqi and Sung, Wing-Kin},
  journal={IEEE/ACM Transactions on Computational Biology and Bioinformatics (TCBB)},
  volume={15},
  number={1},
  pages={15--26},
  year={2018},
  publisher={IEEE Computer Society Press}
}

@article{gawrychowski2017faster,
  title={A Faster Construction of Greedy Consensus Trees},
  author={Gawrychowski, Pawe{\l} and Landau, Gad M and Sung, Wing-Kin and Weimann, Oren},
  journal={arXiv preprint arXiv:1705.10548},
  year={2017}
}

@article{steel2014axiomatic,
  title={Axiomatic opportunities and obstacles for inferring a species tree from gene trees},
  author={Steel, Mike and Velasco, Joel D},
  journal={Systematic biology},
  volume={63},
  number={5},
  pages={772--778},
  year={2014},
  publisher={Oxford University Press}
}

@article{jansson2016improved,
  title={Improved algorithms for constructing consensus trees},
  author={Jansson, Jesper and Shen, Chuanqi and Sung, Wing-Kin},
  journal={Journal of the ACM (JACM)},
  volume={63},
  number={3},
  pages={28},
  year={2016},
  publisher={ACM}
}

@article{farach1995fast,
  title={Fast comparison of evolutionary trees},
  author={Farach, Martin and Thorup, Mikkel},
  journal={Information and Computation},
  volume={123},
  number={1},
  pages={29--37},
  year={1995},
  publisher={Elsevier}
}

@article{cole2000n,
  title={An O (n log n) algorithm for the maximum agreement subtree problem for binary trees},
  author={Cole, Richard and Farach-Colton, Martin and Hariharan, Ramesh and Przytycka, Teresa and Thorup, Mikkel},
  journal={SIAM Journal on Computing},
  volume={30},
  number={5},
  pages={1385--1404},
  year={2000},
  publisher={SIAM}
}

@inproceedings{bender2000lca,
  title={The LCA problem revisited},
  author={Bender, Michael A and Farach-Colton, Martin},
  booktitle={Latin American Symposium on Theoretical Informatics},
  pages={88--94},
  year={2000},
  organization={Springer}
}

@inproceedings{brodal1995fast,
  title={Fast meldable priority queues},
  author={Brodal, Gerth St{\o}lting},
  booktitle={Workshop on Algorithms and Data Structures},
  pages={282--290},
  year={1995},
  organization={Springer}
}

@article{jacobson1988succinct,
  title={Succinct static data structures},
  author={Jacobson, Guy Joseph},
  year={1988},
  publisher={Carnegie Mellon University}
}

@article{bryant1997hunting,
  title={Hunting for trees, building trees and comparing trees: theory and method in phylogenetic analysis},
  author={Bryant, David},
  journal={Department of Mathematics, University of Canterbury, New Zealand},
  volume={88},
  year={1997}
}

@article{adams1972consensus,
  title={Consensus techniques and the comparison of taxonomic trees},
  author={Adams III, Edward N},
  journal={Systematic Biology},
  volume={21},
  number={4},
  pages={390--397},
  year={1972},
  publisher={Society of Systematic Zoology}
}

@article{bryant2003classification,
  title={A classification of consensus methods for phylogenetics},
  author={Bryant, David},
  journal={DIMACS series in discrete mathematics and theoretical computer science},
  volume={61},
  pages={163--184},
  year={2003},
  publisher={American Mathematical Society}
}

@article{sokal1981taxonomic,
  title={Taxonomic congruence in the Leptopodomorpha re-examined},
  author={Sokal, Robert R and Rohlf, F James},
  journal={Systematic Zoology},
  volume={30},
  number={3},
  pages={309--325},
  year={1981},
  publisher={JSTOR}
}

@article{margush1981consensusn,
  title={Consensusn-trees},
  author={Margush, Timothy and McMorris, Fred R},
  journal={Bulletin of Mathematical Biology},
  volume={43},
  number={2},
  pages={239--244},
  year={1981},
  publisher={Springer}
}

@article{holder2008justification,
  title={A justification for reporting the majority-rule consensus tree in Bayesian phylogenetics},
  author={Holder, Mark T and Sukumaran, Jeet and Lewis, Paul O},
  journal={Systematic biology},
  volume={57},
  number={5},
  pages={814--821},
  year={2008},
  publisher={Taylor \& Francis}
}

@book{felsenstein2004inferring,
  title={Inferring phylogenies},
  author={Felsenstein, Joseph and Felenstein, Joseph},
  volume={2},
  year={2004},
  publisher={Sinauer associates Sunderland, MA}
}

@article{goloboff2003improvements,
  title={Improvements to resampling measures of group support},
  author={Goloboff, Pablo A and Farris, James S and K{\"a}llersj{\"o}, Mari and Oxelman, Bengt and Ram{\i}acute; rez, Mart{\i}acute; n J and Szumik, Claudia A},
  journal={Cladistics},
  volume={19},
  number={4},
  pages={324--332},
  year={2003},
  publisher={Wiley Online Library}
}

@article{dong2010majority,
  title={Majority-rule (+) consensus trees},
  author={Dong, Jianrong and Fern{\'a}ndez-Baca, David and McMorris, FR and Powers, Robert C},
  journal={Mathematical biosciences},
  volume={228},
  number={1},
  pages={10--15},
  year={2010},
  publisher={Elsevier}
}

@article{goloboff2008tnt,
  title={TNT, a free program for phylogenetic analysis},
  author={Goloboff, Pablo A and Farris, James S and Nixon, Kevin C},
  journal={Cladistics},
  volume={24},
  number={5},
  pages={774--786},
  year={2008},
  publisher={Wiley Online Library}
}
